@inbook{ele,
  author = {중앙대학교 전자전기공학부},
  title = {아날로그및디지털회로설계실습},
  publisher = {중앙대학교},
  year = {2025},
  pages = {28--32}
}

@book{alexander2023fundamentals,
  author = {Charles K. Alexander and Matthew N. O. Sadiku},
  title = {Fundamentals of Electric Circuits},
  publisher = {McGraw-Hill Education},
  edition = {7th},
  year = {2023},
  address = {New York}
}